@article{hu2010good,
  title={The good, the bad and the ugly of consumer cloud storage},
  author={Hu, Wenjin and Yang, Tao and Matthews, Jeanna N},
  journal={ACM SIGOPS Operating Systems Review},
  volume={44},
  number={3},
  pages={110--115},
  year={2010},
  publisher={ACM}
}

@misc{uncompyle2,
  author = {wibiti, Eloi Vanderbeken, Florian Ledoux and others},
  title = {uncompyle2, A Python 2.7 byte-code decompiler, written in Python 2.7},
  howpublished = "\url{https://github.com/wibiti/uncompyle2.git}",
  year = {2012},
}

@misc{PyPy,
  author = {Armin Rigo and others},
  title = {PyPy, Python interpreter and just-in-time compiler},
  howpublished = "\url{http://pypy.org/}",
  year = {2009},
}

@misc{derek2011,
  author = {Derek Newton},
  title = {Dropbox authentication: insecure by design},
  howpublished = "\url{http://dereknewton.com/2011/04/dropbox-authentication-static-host-ids/}",
  year = {2011},
}

@misc{metasploit,
  author = {Dhiru Kholia},
  title = {Long promised post module for hijacking Dropbox accounts},
  howpublished = "\url{https://github.com/rapid7/metasploit-framework/pull/1497}",
  year = {2013}
}

@misc{passe-partout,
  author = {Nicolas Collignon and Jean-Baptiste Aviat},
  title = {passe-partout, extract SSL private keys from process memory},
  howpublished = "\url{https://github.com/kholia/passe-partout}",
  year = {2011}
}


@misc{ettercap,
  author = {Dhiru Kholia},
  title = {db-lsp-disc dissector to figure out host\_int},
  howpublished = "\url{https://github.com/kholia/ettercap/tree/dropbox}",
  year = {2013}
}

@misc{dropboxdec,
  author = {Hagen Fritsch},
  title = {Dropbox Bytecode Decryption Tool},
  howpublished = "\url{https://github.com/rumpeltux/dropboxdec}",
  year = {2012}
}

@misc{nedbatchelder,
  author = {Ned Batchelder},
  title = {The structure of .pyc files},
  howpublished = "\url{http://nedbatchelder.com/blog/200804/the_structure_of_pyc_files.html}",
  year = {2008}
}

@misc{bbfreeze,
  author = {Ralf Schmitt},
  title = {bbfreeze, create standalone executables from python scripts},
  howpublished = "\url{https://pypi.python.org/pypi/bbfreeze/}",
  year = {2007}
}

@misc{py2exe,
  author = {Jimmy Retzlaff},
  title = {py2exe, distutils extension to build standalone Windows executable programs from Python scripts},
  howpublished = "\url{https://pypi.python.org/pypi/py2exe}",
  year = {2002}
}

@misc{sqlite-dbx,
  author = {sqlite@hwaci.com},
  title = {The SQLite Encryption Extension (SEE)},
  howpublished = "\url{http://www.hwaci.com/sw/sqlite/see.html}",
  year = {2008}
}

@misc{monkey,
  author={Various},
  title = {Monkey patch, modifying the run-time code of dynamic language},
  howpublished = "\url{http://en.wikipedia.org/wiki/Monkey_patch}",
  year = {1972}
}

@misc{dbx-keygen-linux,
  author={Nicolas Ruff and Florian Ledoux},
  title = {Encryption key extractor for Dropbox DBX files},
  howpublished = "\url{https://github.com/newsoft/dbx-keygen-linux.git}",
  year = {2008}
}

@misc{Dropship,
  author = {Wladimir van der Laan},
  title = {dropship - Dropbox API utilities},
  howpublished = "\url{https://github.com/driverdan/dropship}",
  year = {2011}
}

@article{nicolas2012,
  title={A critical analysis of Dropbox software security},
  author={Nicolas Ruff and Florian Ledoux},
  journal={ASFWS 2012, Application Security Forum},
  year={2012},
}

@article{DropboxPyCon11,
  title={How Dropbox Did It and How Python Helped},
  author={Rian Hunter},
  journal={PyCon 2011},
  year={2011}
}

@misc{GIL,
  title={{Global Interpreter Lock}},
  author={Guido van Rossum},
  howpublished = "http://wiki.python.org/moin/GlobalInterpreterLock",
  year={1991}
}

@misc{LDPRELOAD,
  title={{LD\_PRELOAD} - dynamic linker and loader feature},
  author={{GNU}},
  howpublished = "http://man7.org/linux/man-pages/man8/ld.so.8.html",
  year={1987}
}

@article{smith2010,
  title={pyREtic, In Memory Reverse Engineering for Obfuscated Python Bytecode},
  author={Rich Smith},
  journal={BlackHat / Defcon 2010 security conferences},
  year={2010},
}

@misc{fewer2008reflective,
  title={{Reflective DLL injection}},
  author={Fewer, Stephen},
  journal={Harmony Security, Version},
  howpublished="\url{www.harmonysecurity.com/files/HS-P005_ReflectiveDllInjection.pdf}",
  volume={1},
  year={2008}
}

@misc{reflective,
  title={Reflective DLL Injection code},
  author={Fewer, Stephen},
  howpublished = "https://github.com/stephenfewer/ReflectiveDLLInjection",
  year={2008}
}

@article{berdajs2010extending,
  title={Extending applications using an advanced approach to DLL injection and API hooking},
  author={Berdajs, J and Bosni{\'c}, Z},
  journal={Software: Practice and Experience},
  volume={40},
  number={7},
  pages={567--584},
  year={2010},
  publisher={Wiley Online Library}
}

@inproceedings{portnoy2008reverse,
  title={Reverse engineering python applications},
  author={Portnoy, Aaron and Santiago, Ali-Rizvi},
  booktitle={Proceedings of the 2nd conference on USENIX Workshop on offensive technologies},
  pages={6},
  year={2008},
  organization={USENIX Association}
}
